<record><leader>00000cas a22000007a 4500</leader><controlfield tag="001">15147776</controlfield><controlfield tag="008">870204d19741976inuwr ne      0    0eng d</controlfield><datafield ind1=" " ind2=" " tag="010"><subfield code="a">sn 87055013 </subfield></datafield><datafield ind1=" " ind2=" " tag="040"><subfield code="a">NPI</subfield><subfield code="b">eng</subfield><subfield code="c">NPI</subfield><subfield code="d">OCLCQ</subfield></datafield><datafield ind1=" " ind2=" " tag="042"><subfield code="a">msc</subfield></datafield><datafield ind1="0" ind2="4" tag="245"><subfield code="a">The Eastern Grant news-eagle.</subfield></datafield><datafield ind1=" " ind2=" " tag="260"><subfield code="a">Upland, Ind. :</subfield><subfield code="b">Michael L. Baker</subfield></datafield><datafield ind1=" " ind2=" " tag="310"><subfield code="a">Weekly</subfield></datafield><datafield ind1="1" ind2=" " tag="362"><subfield code="a">Began with Aug. 1, 1974 issue? Ceased in 1976.</subfield></datafield><datafield ind1=" " ind2=" " tag="500"><subfield code="a">Temporarily suspended with Sept. 26, 1974 issue.</subfield></datafield><datafield ind1=" " ind2=" " tag="588"><subfield code="a">Description based on: Vol. 86, no. 32 (Aug. 8, 1974).</subfield></datafield><datafield ind1=" " ind2=" " tag="752"><subfield code="a">United States</subfield><subfield code="b">Indiana</subfield><subfield code="c">Grant</subfield><subfield code="d">Upland.</subfield></datafield><datafield ind1=" " ind2=" " tag="752"><subfield code="a">United States</subfield><subfield code="b">Indiana</subfield><subfield code="c">Grant</subfield><subfield code="d">Van Buren.</subfield></datafield><datafield ind1="0" ind2="0" tag="780"><subfield code="t">Van Buren news-eagle</subfield><subfield code="w">(DLC)sn 87055010</subfield></datafield></record>